% ------------------------------------------------------------------------------
% References bib file
% This file should contain the citation information for the references included in the report.
% ------------------------------------------------------------------------------

% Book
% @book{marker,
% 	author = {},
% 	title = {}, 
% 	publisher = {},
% 	volume = {},
% 	number = {},
% 	series = {},
% 	address = {},
% 	edition = {},
% 	year = {yyyy},
% }

% Journal paper
% @article{marker,
% 	author = {}, 
% 	title = {}, 
% 	journal = {},
% 	volume = {},
% 	number = {},
% 	pages = {},
% 	year = {yyyy},
% }

% Webpage
% @online{marker,
% 	title = {},
% 	organization = {},
% 	date = {yyyy},
% 	urldate = {yyyy-mm-dd},
% 	url = {},
% }

% ------------------------------------------------------------------------------
% Sources
% ------------------------------------------------------------------------------
@book{stroud:2013,
	title={Engineering mathematics},
	author={Stroud, K.A. and Booth, D.J.},
	year={2013},
	publisher={Macmillan International Higher Education}
}

@article{harten:1983,
	title={On upstream differencing and Godunov-type schemes for hyperbolic conservation laws},
	author={Harten, A. and Lax, P.D. and {van Leer}, B.},
	journal={SIAM review},
	volume={25},
	number={1},
	pages={35--61},
	year={1983},
	publisher={SIAM}
}

@online{wikibooks_bibtex,
	title = {LaTeX/Bibliography Management},
	organization = {Wikibooks},
	date = {2019},
	urldate = {2019-07-11},
	url = {https://en.wikibooks.org/wiki/LaTeX/Bibliography_Management},
}